@INPROCEEDINGS{Dagdougui2019,
  author={Dagdougui, Younes and Benchrifa, Rachid and Ouammi, Ahmed},
  booktitle={2019 7th International Renewable and Sustainable Energy Conference (IRSEC)}, 
  title={Optimization and Control based Energy Management for a Smart Building Integrated Microgrid}, 
  year={2019},
  volume={},
  number={},
  pages={1-5},
  doi={10.1109/IRSEC48032.2019.9078264}}

@INPROCEEDINGS{Ozadowicz2015,
  author={Ozadowicz, Andrzej and Grela, Jakub},
  booktitle={2015 IEEE 20th Conference on Emerging Technologies   Factory Automation (ETFA)}, 
  title={Control application for Internet of Things energy meter — A key part of integrated building energy management system}, 
  year={2015},
  volume={},
  number={},
  pages={1-4},
  doi={10.1109/ETFA.2015.7301607}}

@INPROCEEDINGS{Reddy2019,
  author={Reddy, Venkatesh and Rabbani, Mahbub and Arif, Mohammad T and Oo, Aman MT},
  booktitle={2019 29th Australasian Universities Power Engineering Conference (AUPEC)}, 
  title={IoT for Energy Efficiency and Demand Management}, 
  year={2019},
  volume={},
  number={},
  pages={1-6},
  doi={10.1109/AUPEC48547.2019.211970}}

@INPROCEEDINGS{Lee2019,
  author={Lee, Sanghyuk and Cha, Jaehoon and Kim, Kyeong Soo},
  booktitle={2019 International SoC Design Conference (ISOCC)}, 
  title={Data Gathering and Application to Building Energy Optimization with Sensitivity Analysis for IoT Applications}, 
  year={2019},
  volume={},
  number={},
  pages={184-185},
  doi={10.1109/ISOCC47750.2019.9027650}}

@INPROCEEDINGS{Yang2015,
  author={Yang, Tui-Yi and Yang, Chu-Sing and Sung, Tien-Wen},
  booktitle={2015 Third International Conference on Robot, Vision and Signal Processing (RVSP)}, 
  title={An Intelligent Energy Management Scheme with Monitoring and Scheduling Approach for IoT Applications in Smart Home}, 
  year={2015},
  volume={},
  number={},
  pages={216-219},
  doi={10.1109/RVSP.2015.58}}


@INPROCEEDINGS{Kwon2019,
  author={Kwon, Dongwoo and Ok, Kisu and Ji, Youngmin},
  booktitle={2019 IEEE International Conference on Big Data (Big Data)}, 
  title={IBFRAME: IoT Data Processing Framework for Intelligent Building Management}, 
  year={2019},
  volume={},
  number={},
  pages={5233-5238},
  doi={10.1109/BigData47090.2019.9006367}}


@INPROCEEDINGS{fagiani2017,
  author={M. {Fagiani} and M. {Severini} and S. {Squartini} and L. {Ciabattoni} and F. {Ferracuti} and A. {Fonti} and G. {Comodi}},
  booktitle={2017 IEEE Congress on Evolutionary Computation (CEC)}, 
  title={A new open-source Energy Management framework: Functional description and preliminary results}, 
  year={2017},
  volume={},
  number={},
  pages={1207-1214},
  doi={10.1109/CEC.2017.7969443}}
  
@article{Mayer2017, 
title={Hierarchical Model Predictive Control for Sustainable Building Automation}, 
volume={9}, 
ISSN={2071-1050}, 
url={http://dx.doi.org/10.3390/su9020264}, 
DOI={10.3390/su9020264}, 
number={2}, 
journal={Sustainability}, 
publisher={MDPI AG}, 
author={Mayer, Barbara and Killian, Michaela and Kozek, Martin}, year={2017}, 
month={Feb}, 
pages={264}}

@article{Mataloto2019, 
title={LoBEMS—IoT for Building and Energy Management Systems}, 
volume={8}, 
ISSN={2079-9292}, 
url={http://dx.doi.org/10.3390/electronics8070763}, DOI={10.3390/electronics8070763}, 
number={7}, 
journal={Electronics}, 
publisher={MDPI AG}, 
author={Mataloto, Bruno and Ferreira, Joao C. and Cruz, Nuno}, 
year={2019}, 
month={Jul}, 
pages={763}}

@article{8246800,
title={A smart home energy management system using IoT and big data analytics approach},
volume={63},
url={https://ieeexplore.ieee.org/document/8494012},
DOI={10.1109/TCE.2017.015014},
number={4},
journal={IEEE Transactions on Consumer Electronics},
author={A. R. {Al-Ali} and I. A. {Zualkernan} and M. {Rashid} and R. {Gupta} and M. {Alikarar}},
year={2017},
pages={426-434}}


@INPROCEEDINGS{Barchi2018,  
    author={G. {Barchi} and G. {Miori} and D. {Moser} and S. {Papantoniou}},  booktitle={2018 IEEE International Conference on Environment and Electrical Engineering and 2018 IEEE Industrial and Commercial Power Systems Europe (EEEIC / I CPS Europe)},   
    title={A Small-Scale Prototype for the Optimization of PV Generation and Battery Storage through the Use of a Building Energy Management System},   year={2018},  
    volume={},  
    number={},  
    pages={1-5},  doi={10.1109/EEEIC.2018.8494012}}

@article{FAGIANI2018131,
title = {rEMpy: a comprehensive software framework for residential energy management},
journal = {Energy and Buildings},
volume = {171},
pages = {131-143},
year = {2018},
issn = {0378-7788},
doi = {https://doi.org/10.1016/j.enbuild.2018.04.023},
url = {https://www.sciencedirect.com/science/article/pii/S0378778817331900},
author = {M. Fagiani and M. Severini and M. Valenti and F. Ferracuti and L. Ciabattoni and S. Squartini},
keywords = {Energy management system, Computational intelligence, Smart grid, Energy informatics, rEMpy},
abstract = {In this paper a comprehensive residential Energy Management in python, rEMpy, is presented. The framework has a modular structure and the Optimal Scheduler, featuring a task scheduling logic and a configuration structure to represent different subsystems, is the core. A dynamic configuration of the system and data visualization is allowed by the Web Interface. The required forecasts are delegated to the Prediction module. Moreover, the real-time validation of the controlled systems and devices is supported thought the Fault Diagnosis and Overload Manager modules. The cooperation among the modules and the manager capabilities are validated by performing evaluations on both tasks scheduling and storage management on real-case data.}
}